@article{knuth84,
  author = {Knuth, Donald E.},
  title = {Literate Programming},
  year = {1984},
  issue_date = {May 1984},
  publisher = {Oxford University Press, Inc.},
  address = {USA},
  volume = {27},
  number = {2},
  issn = {0010-4620},
  url = {https://doi.org/10.1093/comjnl/27.2.97},
  doi = {10.1093/comjnl/27.2.97},
  journal = {Comput. J.},
  month = may,
  pages = {97â€“111},
  numpages = {15}
}



@article{carruthers2014,
	title = {Evaluating Management Strategies for Atlantic Bluefin Tuna},
	author = {Carruthers, Tom and Davies, Campbell},
	year = {2014},
	date = {2014},
	url = {http://www.iccat.int/GBYP/Documents/MODELLING/PHASE%205/MODELLING_PHASE5_CARRUTHERS_REPORT_1.pdf}
}

@article{kerr2012,
	title = {Evaluating population effects and management implications of mixing between Eastern and Western Atlantic bluefin tuna stocks},
	author = {Kerr, Lisa A. and Cadrin, Steven X. and Secor, David H.},
	year = {2012},
	date = {2012},
	journal = {ICES CM},
	number = {13},
	url = {http://www.ices.dk/sites/pub/CM%20Doccuments/CM-2012/N/N1312.pdf}
}

@article{kerr2016,
	title = {Evaluating population effects and management implications of mixing between Eastern and Western Atlantic bluefin tuna stocks},
	author = {Kerr, Lisa A. and Cadrin, Steven X. and Secor, David H.},
	year = {2012},
	date = {2012},
	journal = {ICES CM},
	number = {13},
	url = {http://www.ices.dk/sites/pub/CM%20Doccuments/CM-2012/N/N1312.pdf}
}
