@article{carruthers2014,
	title = {Evaluating Management Strategies for Atlantic Bluefin Tuna},
	author = {Carruthers, Tom and Davies, Campbell},
	year = {2014},
	date = {2014},
	url = {http://www.iccat.int/GBYP/Documents/MODELLING/PHASE%205/MODELLING_PHASE5_CARRUTHERS_REPORT_1.pdf}
}

@article{kerr2012,
	title = {Evaluating population effects and management implications of mixing between Eastern and Western Atlantic bluefin tuna stocks},
	author = {Kerr, Lisa A. and Cadrin, Steven X. and Secor, David H.},
	year = {2012},
	date = {2012},
	journal = {ICES CM},
	number = {13},
	url = {http://www.ices.dk/sites/pub/CM%20Doccuments/CM-2012/N/N1312.pdf}
}

@article{kerr2016,
	title = {Evaluating population effects and management implications of mixing between Eastern and Western Atlantic bluefin tuna stocks},
	author = {Kerr, Lisa A. and Cadrin, Steven X. and Secor, David H.},
	year = {2012},
	date = {2012},
	journal = {ICES CM},
	number = {13},
	url = {http://www.ices.dk/sites/pub/CM%20Doccuments/CM-2012/N/N1312.pdf}
}

@article{kerr2012a,
	title = {Evaluating population effects and management implications of mixing between Eastern and Western Atlantic bluefin tuna stocks},
	author = {Kerr, Lisa A. and Cadrin, Steven X. and Secor, David H.},
	year = {2012},
	date = {2012},
	journal = {ICES CM},
	number = {13},
	url = {http://www.ices.dk/sites/pub/CM%20Doccuments/CM-2012/N/N1312.pdf}
}

@article{carruthers2016,
	title = {Structure and estimation framework for Atlantic bluefin tuna operating models},
	author = {Carruthers, Tom and Kimoto, Ai and Powers, Joseph E. and Kell, Laurence and Butterworth, Doug S. and Lauretta, Matthew V. and Kitakado, Toshihide},
	year = {2016},
	date = {2016},
	journal = {Collect. Vol. Sci. Pap. ICCAT},
	pages = {1782{\textendash}1795},
	volume = {72},
	number = {7},
	url = {https://www.iccat.int/Documents/CVSP/CV072_2016/n_7/CV07201782.pdf}
}

@article{galuardi2012,
	title = {Dispersal Routes and Habitat Utilization of Juvenile Atlantic Bluefin Tuna, Thunnus thynnus, Tracked with Mini PSAT and Archival Tags},
	author = {Galuardi, Benjamin and Lutcavage, Molly},
	year = {2012},
	month = {05},
	date = {2012-05-22},
	journal = {PLoS ONE},
	volume = {7},
	number = {5},
	doi = {10.1371/journal.pone.0037829},
	url = {http://dx.doi.org/10.1371/journal.pone.0037829}
}

@article{cermeño2015,
	title = {Electronic Tagging of Atlantic Bluefin Tuna (Thunnus thynnus, L.) Reveals Habitat Use and Behaviors in the Mediterranean Sea},
	author = {{Cermeño}, Pablo and {Quílez-Badia}, Gemma and Ospina-Alvarez, {Andrés} and {Sainz-Trápaga}, Susana and Boustany, Andre M. and Seitz, Andy C. and Tudela, Sergi and Block, Barbara A.},
	year = {2015},
	month = {02},
	date = {2015-02-11},
	journal = {PLoS ONE},
	volume = {10},
	number = {2},
	doi = {10.1371/journal.pone.0116638},
	url = {http://dx.doi.org/10.1371/journal.pone.0116638}
}

@article{wilson2015,
	title = {Tracking the Fidelity of Atlantic Bluefin Tuna Released in Canadian Waters to the Gulf of Mexico Spawning Grounds},
	author = {Wilson, Steven G and Jonsen, Ian D and Schallert, Robert J and Ganong, James E and Castleton, Michael R and Spares, Aaron D and Boustany, Andre M. and Stokesbury, Michael J.W. and Block, Barbara A.},
	year = {2015},
	month = {09},
	date = {2015-09-02},
	journal = {Canadian Journal of Fisheries and Aquatic Sciences},
	doi = {10.1139/cjfas-2015-0110},
	url = {http://www.nrcresearchpress.com/doi/abs/10.1139/cjfas-2015-0110}
}

@book{rcoreteam2024,
	title = {R: A Language and Environment for Statistical Computing},
	author = {R Core Team},
	year = {2024},
	date = {2024},
	publisher = {R Foundation for Statistical Computing},
	url = {http://www.R-project.org},
	address = {Vienna, Austria}
}

@article{restrepo2010,
	title = {Updated Estimate of the Growth Curve of Western Atlantic Bluefin Tuna},
	author = {Restrepo, V. R. and Diaz, G. A. and Walter, J. F. and Neilson, J. and Campana, S.E. and Secor, D.},
	year = {2010},
	date = {2010},
	journal = {Coll. Vol. Sci. Pap.},
	pages = {1--12},
	volume = {SCRS/2009/160}
}

@article{sibert2003,
	title = {Horizontal movements of bigeye tuna near Hawaii from archival tagging data},
	author = {Sibert, J. R and Musyl, M. K and Brill, R. W},
	year = {2003},
	date = {2003},
	journal = {Fisheries Oceanography},
	pages = {141--151},
	volume = {12}
}

@article{lam2010,
	title = {Incorporating sea-surface temperature to the light-based geolocation model TrackIt},
	author = {Lam, Chi H. and Nielsen, Anders and Sibert, John R.},
	year = {2010},
	month = {11},
	date = {2010-11-30},
	journal = {Marine Ecology Progress Series},
	pages = {71--84},
	volume = {419},
	doi = {10.3354/meps08862},
	url = {http://www.int-res.com/abstracts/meps/v419/p71-84/}
}

@article{sibert2006,
	title = {Interannual variation in large-scale movement of Atlantic bluefin tuna (Thunnus thynnus) determined from pop-up satellite archival tags},
	author = {Sibert, John R and Lutcavage, Molly E and Nielsen, Anders and Brill, Richard W and Wilson, Steven G},
	year = {2006},
	month = {10},
	date = {2006-10-01},
	journal = {Canadian Journal of Fisheries and Aquatic Sciences},
	pages = {2154--2166},
	volume = {63},
	number = {10},
	doi = {10.1139/f06-114},
	url = {http://www.nrcresearchpress.com/doi/abs/10.1139/f06-114}
}

@article{galuardi2014,
	title = {Using electronic tag data to provide transition matrices for movement inclusive population models},
	author = {Galuardi, B. and Cadrin, S.X. and Kerr, L. and Miller, T.J. and Lutcavage, M.},
	year = {2014},
	date = {2014},
	journal = {ICCAT Collective Volume of Scientific Papers},
	pages = {1746--1756},
	volume = {71},
	number = {4},
	note = {00000
Citation Key: galuardi2014a}
}

@article{carruthers2016a,
	title = {Structure and estimation framework for Atlantic bluefin tuna operating models},
	author = {Carruthers, Tom and Kimoto, Ai and Powers, Joseph E. and Kell, Laurence and Butterworth, Doug S. and Lauretta, Matthew V. and Kitakado, Toshihide},
	year = {2016},
	date = {2016},
	journal = {Collect. Vol. Sci. Pap. ICCAT},
	pages = {1782{\textendash}1795},
	volume = {72},
	number = {7},
	url = {https://www.iccat.int/Documents/CVSP/CV072_2016/n_7/CV07201782.pdf}
}

@article{boyer2013,
	title = {World ocean database 2013.},
	author = {Boyer, Timothy P. and Antonov, John I. and Baranova, Olga K. and Garcia, Hernan E. and Johnson, Daphne R. and Mishonov, Alexey V. and {O'Brien}, Todd D. and Seidov, Dan and Smolyar, {I. (Igor)} and Zweng, Melissa M. and Paver, Christopher R. and Locarnini, Ricardo A. and Reagan, James R. and Coleman, Carla and Grodsky, Alexandra},
	year = {2013},
	date = {2013},
	doi = {10.7289/V5NZ85MT},
	url = {https://doi.org/10.7289/V5NZ85MT}
}

@article{amante2009,
	title = {ETOPO1 1 Arc-Minute Global Relief Model: Procedures, Data Sources and Analysis},
	author = {Amante, C. and Eakins, B. W.},
	year = {2009},
	date = {2009},
	journal = {NOAA Technical Memorandum NESDIS NGDC-24},
	pages = {19--pp}
}

@article{taylor2011,
	title = {Atlantic Bluefin Tuna: A Novel Multistock Spatial Model for Assessing Population Biomass},
	author = {Taylor, Nathan G. and McAllister, Murdoch K. and Lawson, Gareth L. and Carruthers, Tom and Block, Barbara A.},
	year = {2011},
	month = {12},
	date = {2011-12-09},
	journal = {PLOS ONE},
	pages = {e27693},
	volume = {6},
	number = {12},
	doi = {10.1371/journal.pone.0027693},
	url = {https://journals.plos.org/plosone/article?id=10.1371/journal.pone.0027693},
	note = {00103},
	langid = {en}
}

@article{rooker2014,
	title = {Crossing the line: Migratory and homing behaviors of Atlantic bluefin tuna},
	author = {Rooker, J.R. and Arrizabalaga, H. and Fraile, I. and Secor, D.H. and Dettman, D.L. and Abid, N. and Addis, P.},
	year = {2014},
	date = {2014},
	journal = {Marine Ecology Progress Series},
	pages = {265--276},
	volume = {504},
	note = {00000
Citation Key: rooker2014a
tex.more-authors: true}
}

@article{siskey2016,
	title = {Forty years of fishing: Changes in age structure and stock mixing in northwestern Atlantic bluefin tuna (Thunnus thynnus) associated with the size-selective and long-term exploitation},
	author = {Siskey, M.R. and Wilberg, M.J. and Allman, R.J. and Barnett, B.K. and Secor, D.H.},
	year = {2016},
	date = {2016},
	journal = {ICES Journal of Marine Science},
	pages = {2518--2528},
	volume = {73},
	number = {10},
	note = {00000
Citation Key: siskey2016a}
}

@article{richardson2016,
	title = {Discovery of a spawning ground reveals diverse migration strategies in Atlantic bluefin tuna (Thunnus thynnus)},
	author = {Richardson, David E. and Marancik, Katrin E. and Guyon, Jeffrey R. and Lutcavage, Molly E. and Galuardi, Benjamin and Lam, Chi Hin and Walsh, Harvey J. and Wildes, Sharon and Yates, Douglas A. and Hare, Jonathan A.},
	year = {2016},
	month = {03},
	date = {2016-03-07},
	journal = {Proceedings of the National Academy of Sciences},
	pages = {3299--3304},
	volume = {113},
	number = {12},
	doi = {10.1073/pnas.1525636113},
	url = {http://www.pnas.org/content/early/2016/03/04/1525636113},
	langid = {en}
}

@article{walter2016,
	title = {Implications of alternative spawning for bluefin tuna remain unclear},
	author = {Walter, John F. and Porch, Clay E. and Lauretta, Matt V. and Cass-Calay, Shannon L. and Brown, Craig A.},
	year = {2016},
	date = {2016},
	journal = {Proceedings of the National Academy of Sciences},
	pages = {201605962},
	url = {http://www.pnas.org/content/early/2016/07/18/1605962113.short}
}

@article{graves2015,
	title = {Transatlantic movements of juvenile Atlantic bluefin tuna inferred from analyses of organochlorine tracers},
	author = {Graves, John E. and Wozniak, Andrew S. and Dickhut, Rebecca M. and Cochran, Michele A. and MacDonald, Elizabeth H. and Bush, Elizabeth and Arrizabalaga, Haritz and {Goñi}, Nicolas and MacLatchey, Deborah},
	year = {2015},
	month = {01},
	date = {2015-01-06},
	journal = {Canadian Journal of Fisheries and Aquatic Sciences},
	pages = {1--9},
	doi = {10.1139/cjfas-2014-0305},
	url = {http://www.nrcresearchpress.com/doi/10.1139/cjfas-2014-0305},
	langid = {en}
}

@book{porch2003,
	title = {VPA-2BOX version 3.01 user{\textquoteright}s guide. NOAA sustainable fisheries division contribution SFD/2003-2004},
	author = {Porch, C.E.},
	year = {2003},
	date = {2003},
	publisher = {F. L},
	note = {00000
Citation Key: porch2003a},
	address = {Miami}
}

@book{porch2003,
	title = {VPA-2BOX version 3.01 user{\textquoteright}s guide. NOAA sustainable fisheries division contribution SFD/2003-2004},
	author = {Porch, C.E.},
	year = {2003},
	date = {2003},
	publisher = {F. L},
	note = {00000
Citation Key: porch2003a},
	address = {Miami}
}

@book{porch2003,
	title = {VPA-2BOX version 3.01 user{\textquoteright}s guide. NOAA sustainable fisheries division contribution SFD/2003-2004},
	author = {Porch, C.E.},
	year = {2003},
	date = {2003},
	publisher = {F. L},
	note = {00000
Citation Key: porch2003a},
	address = {Miami}
}

@article{abascal2016,
	title = {Tracking bluefin tuna reproductive migration into the Mediterranean Sea with electronic pop-up satellite archival tags using two tagging procedures},
	author = {Abascal, Francisco J. and Medina, Antonio and De La Serna, {José M.} and Godoy, Dolores and Aranda, Guillermo},
	year = {2016},
	month = {01},
	date = {2016-01-01},
	journal = {Fisheries Oceanography},
	pages = {54--66},
	volume = {25},
	number = {1},
	doi = {10.1111/fog.12134},
	url = {http://onlinelibrary.wiley.com/doi/10.1111/fog.12134/abstract},
	langid = {en}
}

@article{aranda2013,
	title = {Spawning Behaviour and Post-Spawning Migration Patterns of Atlantic Bluefin Tuna (Thunnus thynnus) Ascertained from Satellite Archival Tags},
	author = {Aranda, Guillermo and Abascal, Francisco Javier and Varela, {José Luis} and Medina, Antonio},
	year = {2013},
	month = {10},
	date = {2013-10-01},
	journal = {PLoS ONE},
	volume = {8},
	number = {10},
	doi = {10.1371/journal.pone.0076445},
	url = {http://dx.doi.org/10.1371/journal.pone.0076445}
}

@article{fromentin2013,
	title = {Migration, residency, and homing of bluefin tuna in the western Mediterranean Sea},
	author = {Fromentin, Jean-Marc and Lopuszanski, Daniel},
	year = {2013},
	month = {10},
	date = {2013-10-17},
	journal = {ICES Journal of Marine Science: Journal du Conseil},
	doi = {10.1093/icesjms/fst157},
	url = {http://icesjms.oxfordjournals.org.silk.library.umass.edu/content/early/2013/10/16/icesjms.fst157},
	langid = {en}
}
